<?xml version="1.0" encoding="UTF-8"?><collection xmlns="http://www.loc.gov/MARC21/slim"><record><leader>00437nam--2200145-i-4500</leader><controlfield tag="001">000023797</controlfield><controlfield tag="002">20161230</controlfield><controlfield tag="005">20161230201035</controlfield><controlfield tag="008">060222s1000------------r-----000-0-eng-d</controlfield><datafield ind1=" " ind2=" " tag="080"><subfield code="a">621.3.049.771</subfield></datafield><datafield ind1=" " ind2=" " tag="100"><subfield code="a">Hamilton, Douglas J. And Howard, William</subfield></datafield><datafield ind1=" " ind2=" " tag="245"><subfield code="a">Basic integrated circuit engineering</subfield></datafield><datafield ind1=" " ind2=" " tag="260"><subfield code="a">Tokyo, Mcgraw-hill Kogakusha,Ltd.,1975. Xvi + 587 P</subfield></datafield><datafield ind1=" " ind2=" " tag="490"><subfield code="a">Motorola Series In Solid-state Electronic</subfield></datafield><datafield ind1=" " ind2=" " tag="852"><subfield code="a">46086</subfield></datafield></record></collection>